@string{aiche = "AIChE Journal"}
@string{aca = "Automatica"}
@string{can = "Canadian Journal of Chemical Engineering"}
@string{checom = "Chem. Eng. Comm."}
@string{chesci = "Chemical Engineering Science"}
@string{cbeq = "Chem. Biochem. Eng. Q."}
@string{comp = "Computers and Chemical Engineering"}
@string{comch = "Computers and Chemistry"}
@string{cep = "Control Engineering Practice"}
@string{dc = "Dynamics and Control"}
@string{hun= "Hungarian Journal of Industrial Chemistry"}
@string{ind = "Ind. Eng. Chem. Res."}
@string{ieed = "IEE Proc. D"}
@string{ieecta = "IEE Proc.-Control Theory Appl."}
@string{ieeeac = "IEEE Trans. Automatic Control"}
@string{ieeenn = "IEEE Trans. Neural Networks"}
@string{ijc = "Int. J. Control"}
@string{ijss = "Int. J. Sys. Sci."}
@string{ijrnc = "Int. J. Robust Nonlinear Control"}
@string{jpc = "Journal of Process Control"}
@string{jota = "Journal of Optimization Theory and Applications"}
@string{jgo = "Journal of Global Optimization"}
@string{kyb = "Kybernetika"}
@string{laa = "Linear Algebra Applications"}
@string{scl = "Systems Control Lett."}
@string{sjco = "SIAM Journal of Control and Optimization"}
@string{sjsc = "SIAM J. Sci. Comput."}
@string{sjssc = "SIAM J. Sci. Comput."}
@string{sjo = "SIAM Journal on Optimization"}
@string{wst = "Wat. Sci. Tech."}
@string{wr = "Wat. Res."}
@string{ota2 = "Opt. Theory Appl. 2"}

@string{acap = "Academia"}
@string{ap = "Academic Press"}
@string{alfa = "Alfa"}
@string{els = "Elsevier"}
@string{mm = "Mac Millan"}
@string{mcg = "McGraw-Hill"}
@string{nau = "Nauka"}
@string{oup = "Oxford University Press"}
@string{ph = "Prentice Hall"}
@string{phi = "Prentice Hall, Inc."}
@string{sp = "Springer Verlag"}
@string{vieweg = "Vieweg"}
@string{wiley = "Wiley"}

@string{ams = "Amsterdam"}
@string{ba = "Bratislava"}
@string{bw = "Braunschweig/Wiesbaden"}
@string{chi = "Chichester"}
@string{ecnj = "Englewood Cliffs, New Jersey"}
@string{hem = "Hemel Hempstead"}
@string{lon = "London"}
@string{mo = "Moskva"}
@string{nj = "New Jersey"}
@string{ny = "New York"}
@string{pha = "Praha"}
@string{sand = "San Diego"}
@string{sin = "Singapore"}
